@misc{qwen,
      title={Qwen2 Technical Report},
      author={An Yang and Baosong Yang and Binyuan Hui and Bo Zheng and Bowen Yu and Chang Zhou and Chengpeng Li and Chengyuan Li and Dayiheng Liu and Fei Huang and Guanting Dong and Haoran Wei and Huan Lin and Jialong Tang and Jialin Wang and Jian Yang and Jianhong Tu and Jianwei Zhang and Jianxin Ma and Jianxin Yang and Jin Xu and Jingren Zhou and Jinze Bai and Jinzheng He and Junyang Lin and Kai Dang and Keming Lu and Keqin Chen and Kexin Yang and Mei Li and Mingfeng Xue and Na Ni and Pei Zhang and Peng Wang and Ru Peng and Rui Men and Ruize Gao and Runji Lin and Shijie Wang and Shuai Bai and Sinan Tan and Tianhang Zhu and Tianhao Li and Tianyu Liu and Wenbin Ge and Xiaodong Deng and Xiaohuan Zhou and Xingzhang Ren and Xinyu Zhang and Xipin Wei and Xuancheng Ren and Xuejing Liu and Yang Fan and Yang Yao and Yichang Zhang and Yu Wan and Yunfei Chu and Yuqiong Liu and Zeyu Cui and Zhenru Zhang and Zhifang Guo and Zhihao Fan},
      year={2024},
      eprint={2407.10671},
      archivePrefix={arXiv},
      primaryClass={cs.CL},
      url={https://arxiv.org/abs/2407.10671},
}

@misc{neftune,
      title={NEFTune: Noisy Embeddings Improve Instruction Finetuning},
      author={Neel Jain and Ping-yeh Chiang and Yuxin Wen and John Kirchenbauer and Hong-Min Chu and Gowthami Somepalli and Brian R. Bartoldson and Bhavya Kailkhura and Avi Schwarzschild and Aniruddha Saha and Micah Goldblum and Jonas Geiping and Tom Goldstein},
      year={2023},
      eprint={2310.05914},
      archivePrefix={arXiv},
      primaryClass={cs.CL},
      url={https://arxiv.org/abs/2310.05914},
}

@misc{dpo,
      title={Direct Preference Optimization: Your Language Model is Secretly a Reward Model},
      author={Rafael Rafailov and Archit Sharma and Eric Mitchell and Stefano Ermon and Christopher D. Manning and Chelsea Finn},
      year={2024},
      eprint={2305.18290},
      archivePrefix={arXiv},
      primaryClass={cs.LG},
      url={https://arxiv.org/abs/2305.18290},
}

@misc{qlora,
      title={QLoRA: Efficient Finetuning of Quantized LLMs},
      author={Tim Dettmers and Artidoro Pagnoni and Ari Holtzman and Luke Zettlemoyer},
      year={2023},
      eprint={2305.14314},
      archivePrefix={arXiv},
      primaryClass={cs.LG},
      url={https://arxiv.org/abs/2305.14314},
}

@misc{flash_attention,
      title={FlashAttention-2: Faster Attention with Better Parallelism and Work Partitioning},
      author={Tri Dao},
      year={2023},
      eprint={2307.08691},
      archivePrefix={arXiv},
      primaryClass={cs.LG},
      url={https://arxiv.org/abs/2307.08691},
}

@misc{huggingface_leaderboard,
	author = {Clementine Fourrier and Nathan Habib and Alina Lozovskaya and Konrad Szafer and Thomas Wolf},
	title = {Open LLM Leaderboard 2},
	url = {https://huggingface.co/spaces/open-llm-leaderboard/open_llm_leaderboard},
	year = {2024},
}

@InProceedings{cornell_movie_data,
  author={Cristian Danescu-Niculescu-Mizil and Lillian Lee},
  title={Chameleons in imagined conversations: A new approach to understanding coordination of linguistic style in dialogs.},
  booktitle={Proceedings of the Workshop on Cognitive Modeling and Computational Linguistics, ACL 2011},
  year={2011}
}

@misc{packing,
	author = {Lukas Hauzenberger},
	title = {Efficient LLM Pretraining: Packed Sequences and Masked Attention},
	url = {https://huggingface.co/blog/sirluk/llm-sequence-packing},
	year = {2024},
}

@misc{gradient_accumulation,
	author = {Raz Rotenberg},
	title = {What is Gradient Accumulation in Deep Learning?},
	url = {https://towardsdatascience.com/what-is-gradient-accumulation-in-deep-learning-ec034122cfa},
	year = {2020},
}

@misc{g_eval,
      title={G-Eval: NLG Evaluation using GPT-4 with Better Human Alignment},
      author={Yang Liu and Dan Iter and Yichong Xu and Shuohang Wang and Ruochen Xu and Chenguang Zhu},
      year={2023},
      eprint={2303.16634},
      archivePrefix={arXiv},
      primaryClass={cs.CL},
      url={https://arxiv.org/abs/2303.16634},
}